<record><leader>00000cas a2200000 a 4500</leader><controlfield tag="001">36369456</controlfield><controlfield tag="008">970211d19061915oruwr ne      0    0eng c</controlfield><datafield ind1=" " ind2=" " tag="010"><subfield code="a">sn 96088316 </subfield></datafield><datafield ind1=" " ind2=" " tag="040"><subfield code="a">OCN</subfield><subfield code="b">eng</subfield><subfield code="c">OCN</subfield><subfield code="d">OCLCQ</subfield><subfield code="d">ORU</subfield><subfield code="d">OCLCQ</subfield><subfield code="d">OCLCF</subfield><subfield code="d">OCLCO</subfield></datafield><datafield ind1=" " ind2=" " tag="042"><subfield code="a">pcc</subfield></datafield><datafield ind1=" " ind2=" " tag="043"><subfield code="a">n-us-or</subfield></datafield><datafield ind1="0" ind2=" " tag="130"><subfield code="a">Benton County republican (Corvallis, Or. : 1906)</subfield></datafield><datafield ind1="1" ind2="0" tag="245"><subfield code="a">Benton County republican.</subfield></datafield><datafield ind1=" " ind2=" " tag="250"><subfield code="a">[Weekly ed.].</subfield></datafield><datafield ind1=" " ind2=" " tag="260"><subfield code="a">Corvallis, Benton County, Or. :</subfield><subfield code="b">Smith &amp; Morgan,</subfield><subfield code="c">1906-1915.</subfield></datafield><datafield ind1=" " ind2=" " tag="300"><subfield code="a">9 v.</subfield></datafield><datafield ind1=" " ind2=" " tag="310"><subfield code="a">Weekly</subfield></datafield><datafield ind1="0" ind2=" " tag="362"><subfield code="a">Vol. 1, no. 1 (Oct. 11, 1906)-v. 9, no. 20 (Mar. 11, 1915).</subfield></datafield><datafield ind1=" " ind2=" " tag="500"><subfield code="a">Some irregularities in numbering.</subfield></datafield><datafield ind1=" " ind2=" " tag="530"><subfield code="a">Also issued on microfilm from University of Oregon.</subfield></datafield><datafield ind1=" " ind2=" " tag="580"><subfield code="a">Triweekly eds.: Benton County republican (Corvallis, Or. : 1909), 1909, and: Tri-weekly republican (Corvallis, Or.), 1909-&lt;1910&gt;.</subfield></datafield><datafield ind1=" " ind2=" " tag="580"><subfield code="a">Daily ed.: Daily republican (Corvallis, Or.), &lt;1912&gt;-1915.</subfield></datafield><datafield ind1=" " ind2=" " tag="580"><subfield code="a">Merged with: Daily republican (Corvallis, Or.), to form: Benton County courier (Corvallis, Or. : 1915).</subfield></datafield><datafield ind1=" " ind2="0" tag="651"><subfield code="a">Corvallis (Or.)</subfield><subfield code="v">Newspapers.</subfield></datafield><datafield ind1=" " ind2="7" tag="655"><subfield code="a">Newspapers.</subfield><subfield code="2">fast</subfield><subfield code="0">(OCoLC)fst01423814</subfield></datafield><datafield ind1=" " ind2="7" tag="651"><subfield code="a">Oregon</subfield><subfield code="z">Corvallis.</subfield><subfield code="2">fast</subfield><subfield code="0">(OCoLC)fst01205176</subfield></datafield><datafield ind1=" " ind2=" " tag="752"><subfield code="a">United States</subfield><subfield code="b">Oregon</subfield><subfield code="c">Benton</subfield><subfield code="d">Corvallis.</subfield></datafield><datafield ind1="1" ind2=" " tag="775"><subfield code="t">Benton County republican (Corvallis, Or. : 1909)</subfield><subfield code="w">(DLC)sn 96088317</subfield><subfield code="w">(OCoLC)36369441</subfield></datafield><datafield ind1="1" ind2=" " tag="775"><subfield code="t">Tri-weekly republican (Corvallis, Or.)</subfield><subfield code="w">(DLC)sn 96088318</subfield><subfield code="w">(OCoLC)36369428</subfield></datafield><datafield ind1="1" ind2=" " tag="775"><subfield code="t">Daily republican (Corvallis, Or.)</subfield><subfield code="w">(DLC)sn 96088319</subfield><subfield code="w">(OCoLC)36369435</subfield></datafield><datafield ind1="1" ind2="7" tag="785"><subfield code="t">Daily republican (Corvallis, Or.)</subfield><subfield code="w">(DLC)sn 96088319</subfield><subfield code="w">(OCoLC)36369435</subfield></datafield><datafield ind1="1" ind2="7" tag="785"><subfield code="t">Benton County courier (Corvallis, Or. : 1915)</subfield><subfield code="w">(DLC)sn 96088313</subfield><subfield code="w">(OCoLC)36369506</subfield></datafield></record>